@ARTICLE{saumon95,
   author = {{Saumon}, D. and {Chabrier}, G. and {van Horn}, H.~M.},
    title = "{An Equation of State for Low-Mass Stars and Giant Planets}",
  journal = {\apjs},
 keywords = {EQUATION OF STATE, STARS: INTERIORS, STARS: LOW-MASS, BROWN DWARFS, STARS: PLANETARY SYSTEMS},
     year = 1995,
    month = aug,
   volume = 99,
    pages = {713},
      doi = {10.1086/192204},
   adsurl = {http://adsabs.harvard.edu/abs/1995ApJS...99..713S},
  adsnote = {Provided by the SAO/NASA Astrophysics Data System}
}

@ARTICLE{pn05,
   author = {{Papaloizou}, J.~C.~B. and {Nelson}, R.~P.},
    title = "{Models of accreting gas giant protoplanets in protostellar disks}",
  journal = {\aap},
   eprint = {arXiv:astro-ph/0412377},
 keywords = {accretion, accretion disks, solar system: formation, stars: planetary systems},
     year = 2005,
    month = apr,
   volume = 433,
    pages = {247-265},
      doi = {10.1051/0004-6361:20042029},
   adsurl = {http://adsabs.harvard.edu/abs/2005A%26A...433..247P},
  adsnote = {Provided by the SAO/NASA Astrophysics Data System}
}

@ARTICLE{pap99,
   author = {{Papaloizou}, J.~C.~B. and {Terquem}, C.},
    title = "{Critical Protoplanetary Core Masses in Protoplanetary Disks and the Formation of Short-Period Giant Planets}",
  journal = {\apj},
   eprint = {arXiv:astro-ph/9903310},
 keywords = {ACCRETION, ACCRETION DISKS, STARS: PLANETARY SYSTEMS, SOLAR SYSTEM: FORMATION},
     year = 1999,
    month = aug,
   volume = 521,
    pages = {823-838},
      doi = {10.1086/307581},
   adsurl = {http://adsabs.harvard.edu/abs/1999ApJ...521..823P},
  adsnote = {Provided by the SAO/NASA Astrophysics Data System}
}

@ARTICLE{rafikov06,
   author = {{Rafikov}, R.~R.},
    title = "{Atmospheres of Protoplanetary Cores: Critical Mass for Nucleated Instability}",
  journal = {\apj},
   eprint = {arXiv:astro-ph/0405507},
 keywords = {Stars: Planetary Systems: Protoplanetary Disks, Planets and Satellites: Formation, Solar System: Formation},
     year = 2006,
    month = sep,
   volume = 648,
    pages = {666-682},
      doi = {10.1086/505695},
   adsurl = {http://adsabs.harvard.edu/abs/2006ApJ...648..666R},
  adsnote = {Provided by the SAO/NASA Astrophysics Data System}
}

@ARTICLE{semenov03,
   author = {{Semenov}, D. and {Henning}, T. and {Helling}, C. and {Ilgner}, M. and 
	{Sedlmayr}, E.},
    title = "{Rosseland and Planck mean opacities for protoplanetary discs}",
  journal = {\aap},
   eprint = {arXiv:astro-ph/0308344},
 keywords = {accretion, accretion discs, hydrodynamics, atomic processes, molecular processes, stars: planetary systems: protoplanetary discs},
     year = 2003,
    month = nov,
   volume = 410,
    pages = {611-621},
      doi = {10.1051/0004-6361:20031279},
   adsurl = {http://adsabs.harvard.edu/abs/2003A%26A...410..611S},
  adsnote = {Provided by the SAO/NASA Astrophysics Data System}
}

@ARTICLE{chiang10,
   author = {{Chiang}, E. and {Youdin}, A.~N.},
    title = "{Forming Planetesimals in Solar and Extrasolar Nebulae}",
  journal = {Annual Review of Earth and Planetary Sciences},
archivePrefix = "arXiv",
   eprint = {0909.2652},
 primaryClass = "astro-ph.EP",
     year = 2010,
    month = may,
   volume = 38,
    pages = {493-522},
      doi = {10.1146/annurev-earth-040809-152513},
   adsurl = {http://adsabs.harvard.edu/abs/2010AREPS..38..493C},
  adsnote = {Provided by the SAO/NASA Astrophysics Data System}
}

@ARTICLE{2004ARA&A..42..549G,
   author = {{Goldreich}, P. and {Lithwick}, Y. and {Sari}, R.},
    title = "{Planet Formation by Coagulation: A Focus on Uranus and Neptune}",
  journal = {\araa},
   eprint = {arXiv:astro-ph/0405215},
     year = 2004,
    month = sep,
   volume = 42,
    pages = {549-601},
      doi = {10.1146/annurev.astro.42.053102.134004},
   adsurl = {http://adsabs.harvard.edu/abs/2004ARA%26A..42..549G},
  adsnote = {Provided by the SAO/NASA Astrophysics Data System}
}

@ARTICLE{goldreich04,
   author = {{Goldreich}, P. and {Lithwick}, Y. and {Sari}, R.},
    title = "{Planet Formation by Coagulation: A Focus on Uranus and Neptune}",
  journal = {\araa},
   eprint = {arXiv:astro-ph/0405215},
     year = 2004,
    month = sep,
   volume = 42,
    pages = {549-601},
      doi = {10.1146/annurev.astro.42.053102.134004},
   adsurl = {http://adsabs.harvard.edu/abs/2004ARA%26A..42..549G},
  adsnote = {Provided by the SAO/NASA Astrophysics Data System}
}

@ARTICLE{rafikov06,
   author = {{Rafikov}, R.~R.},
    title = "{Atmospheres of Protoplanetary Cores: Critical Mass for
Nucleated Instability}",
  journal = {\apj},
   eprint = {arXiv:astro-ph/0405507},
 keywords = {Stars: Planetary Systems: Protoplanetary Disks, Planets
and Satellites: Formation, Solar System: Formation},
     year = 2006,
    month = sep,
   volume = 648,
    pages = {666-682},
      doi = {10.1086/505695},
   adsurl = {http://adsabs.harvard.edu/abs/2006ApJ...648..666R},
  adsnote = {Provided by the SAO/NASA Astrophysics Data System}
}


@ARTICLE{saumon95,
   author = {{Saumon}, D. and {Chabrier}, G. and {van Horn}, H.~M.},
    title = "{An Equation of State for Low-Mass Stars and Giant Planets}",
  journal = {\apjs},
 keywords = {EQUATION OF STATE, STARS: INTERIORS, STARS: LOW-MASS,
BROWN DWARFS, STARS: PLANETARY SYSTEMS},
     year = 1995,
    month = aug,
   volume = 99,
    pages = {713},
      doi = {10.1086/192204},
   adsurl = {http://adsabs.harvard.edu/abs/1995ApJS...99..713S},
  adsnote = {Provided by the SAO/NASA Astrophysics Data System}
}

@ARTICLE{ikoma00,
   author = {{Ikoma}, M. and {Nakazawa}, K. and {Emori}, H.},
    title = "{Formation of Giant Planets: Dependences on Core Accretion Rate and Grain Opacity}",
  journal = {\apj},
 keywords = {Stars: Planetary Systems, Solar System: Formation},
     year = 2000,
    month = jul,
   volume = 537,
    pages = {1013-1025},
      doi = {10.1086/309050},
   adsurl = {http://adsabs.harvard.edu/abs/2000ApJ...537.1013I},
  adsnote = {Provided by the SAO/NASA Astrophysics Data System}
}


@BOOK{thompson06,
   author = {{Thompson}, M.~J.},
    title = "{An introduction to astrophysical fluid dynamics}",
booktitle = {''An introduction to astrophysical fluid dynamics by Michael J.~Thompson.~Published: London : Imperial College Press, c2006.~xi, 227 p.~: ill.~; 23 cm.~Includes bibliographical references (p.~217-221) and index.~ISBN :},
     year = 2006,
   adsurl = {http://adsabs.harvard.edu/abs/2006iafd.book.....T},
  adsnote = {Provided by the SAO/NASA Astrophysics Data System}
  
}

@ARTICLE{stevenson82,
   author = {{Stevenson}, D.~J.},
    title = "{Formation of the giant planets}",
  journal = {\planss},
 keywords = {GAS GIANT PLANETS, PLANETARY COMPOSITION, PLANETARY CORES, PLANETARY EVOLUTION, PLANETARY MASS, PLANETARY TEMPERATURE, ADIABATIC CONDITIONS, ASTRONOMICAL MODELS, CONVECTIVE HEAT TRANSFER, GRAVITATIONAL COLLAPSE, LUMINOSITY, NATURAL SATELLITES, NEBULAE, PROTOPLANETS, THERMAL DIFFUSION},
     year = 1982,
    month = aug,
   volume = 30,
    pages = {755-764},
      doi = {10.1016/0032-0633(82)90108-8},
   adsurl = {http://adsabs.harvard.edu/abs/1982P%26SS...30..755S},
  adsnote = {Provided by the SAO/NASA Astrophysics Data System}
}

@ARTICLE{wuchterl93,
   author = {{Wuchterl}, G.},
    title = "{The critical mass for protoplanets revisited - Massive envelopes through convection}",
  journal = {\icarus},
 keywords = {PROTOPLANETS, PLANETARY MASS, ACCRETION DISKS, CONVECTION, STELLAR ENVELOPES, INTERPLANETARY DUST, INTERSTELLAR MATTER, BOUNDARY CONDITIONS, LUMINOUS INTENSITY},
     year = 1993,
    month = nov,
   volume = 106,
    pages = {323},
      doi = {10.1006/icar.1993.1174},
   adsurl = {http://adsabs.harvard.edu/abs/1993Icar..106..323W},
  adsnote = {Provided by the SAO/NASA Astrophysics Data System}
}

@ARTICLE{bell94,
   author = {{Bell}, K.~R. and {Lin}, D.~N.~C.},
    title = "{Using FU Orionis outbursts to constrain self-regulated protostellar disk models}",
  journal = {\apj},
   eprint = {arXiv:astro-ph/9312015},
 keywords = {ACCRETION DISKS, IONIZATION, PROTOSTARS, STAR FORMATION, STELLAR MASS ACCRETION, STELLAR MODELS, THERMAL STABILITY, HYDROGEN CLOUDS, RADIAL FLOW, STELLAR MASS EJECTION},
     year = 1994,
    month = jun,
   volume = 427,
    pages = {987-1004},
      doi = {10.1086/174206},
   adsurl = {http://adsabs.harvard.edu/abs/1994ApJ...427..987B},
  adsnote = {Provided by the SAO/NASA Astrophysics Data System}
}

@ARTICLE{pap99,
   author = {{Papaloizou}, J.~C.~B. and {Terquem}, C.},
    title = "{Critical Protoplanetary Core Masses in Protoplanetary Disks and the Formation of Short-Period Giant Planets}",
  journal = {\apj},
   eprint = {arXiv:astro-ph/9903310},
 keywords = {ACCRETION, ACCRETION DISKS, STARS: PLANETARY SYSTEMS, SOLAR SYSTEM: FORMATION},
     year = 1999,
    month = aug,
   volume = 521,
    pages = {823-838},
      doi = {10.1086/307581},
   adsurl = {http://adsabs.harvard.edu/abs/1999ApJ...521..823P},
  adsnote = {Provided by the SAO/NASA Astrophysics Data System}
}

@BOOK{kippenhahn90,
   author = {{Kippenhahn}, R. and {Weigert}, A.},
    title = "{Stellar Structure and Evolution}",
 keywords = {STELLAR STRUCTURE, STELLAR EVOLUTION},
booktitle = {Stellar Structure and Evolution, XVI, 468 pp.~192 figs..~ Springer-Verlag Berlin Heidelberg New York.~Also Astronomy and Astrophysics Library},
     year = 1990,
   adsurl = {http://adsabs.harvard.edu/abs/1990sse..book.....K},
  adsnote = {Provided by the SAO/NASA Astrophysics Data System}
}

@ARTICLE{mizuno78,
   author = {{Mizuno}, H. and {Nakazawa}, K. and {Hayashi}, C.},
    title = "{Instability of a gaseous envelope surrounding a planetary core and formation of giant planets}",
  journal = {Progress of Theoretical Physics},
     year = 1978,
    month = sep,
   volume = 60,
    pages = {699-710},
      doi = {10.1143/PTP.60.699},
   adsurl = {http://adsabs.harvard.edu/abs/1978PThPh..60..699M},
  adsnote = {Provided by the SAO/NASA Astrophysics Data System}
}

@ARTICLE{boden86,
   author = {{Bodenheimer}, P. and {Pollack}, J.~B.},
    title = "{Calculations of the accretion and evolution of giant planets The effects of solid cores}",
  journal = {\icarus},
 keywords = {COMPUTATIONAL ASTROPHYSICS, DEPOSITION, GAS GIANT PLANETS, PLANETARY CORES, PLANETARY EVOLUTION, ASTRONOMICAL MODELS, GRAVITATIONAL EFFECTS, PROTOPLANETS, SATURN (PLANET), TIME DEPENDENCE, URANUS (PLANET)},
     year = 1986,
    month = sep,
   volume = 67,
    pages = {391-408},
      doi = {10.1016/0019-1035(86)90122-3},
   adsurl = {http://adsabs.harvard.edu/abs/1986Icar...67..391B},
  adsnote = {Provided by the SAO/NASA Astrophysics Data System}
}

@ARTICLE{haisch01,
   author = {{Haisch}, Jr., K.~E. and {Lada}, E.~A. and {Lada}, C.~J.},
    title = "{Disk Frequencies and Lifetimes in Young Clusters}",
  journal = {\apjl},
   eprint = {arXiv:astro-ph/0104347},
 keywords = {Infrared: Stars, Galaxy: Open Clusters and Associations: General, Stars: Planetary Systems: Protoplanetary Disks, Stars: Formation},
     year = 2001,
    month = jun,
   volume = 553,
    pages = {L153-L156},
      doi = {10.1086/320685},
   adsurl = {http://adsabs.harvard.edu/abs/2001ApJ...553L.153H},
  adsnote = {Provided by the SAO/NASA Astrophysics Data System}
}


@ARTICLE{lagrange00,
   author = {{Lagrange}, A.-M. and {Backman}, D.~E. and {Artymowicz}, P.},
    title = "{Planetary Material around Main-Sequence Stars}",
  journal = {Protostars and Planets IV},
     year = 2000,
    month = may,
    pages = {639},
   adsurl = {http://adsabs.harvard.edu/abs/2000prpl.conf..639L},
  adsnote = {Provided by the SAO/NASA Astrophysics Data System}
}

@ARTICLE{goldreich04,
   author = {{Goldreich}, P. and {Lithwick}, Y. and {Sari}, R.},
    title = "{Planet Formation by Coagulation: A Focus on Uranus and Neptune}",
  journal = {\araa},
   eprint = {arXiv:astro-ph/0405215},
     year = 2004,
    month = sep,
   volume = 42,
    pages = {549-601},
      doi = {10.1146/annurev.astro.42.053102.134004},
   adsurl = {http://adsabs.harvard.edu/abs/2004ARA%26A..42..549G},
  adsnote = {Provided by the SAO/NASA Astrophysics Data System}
}

@INBOOK{dangelo11,
   author = {{D'Angelo}, G. and {Durisen}, R.~H. and {Lissauer}, J.~J.},
    title = "{Giant Planet Formation}",
booktitle = {Exoplanets, edited by S.~Seager.~ Tucson, AZ: University of Arizona Press, 2011, 526 pp.~ ISBN 978-0-8165-2945-2., p.319-346},
     year = 2011,
   editor = {{Piper}, S.},
    pages = {319-346},
   adsurl = {http://adsabs.harvard.edu/abs/2011exop.book..319D},
  adsnote = {Provided by the SAO/NASA Astrophysics Data System}
}


@ARTICLE{rafikov05,
   author = {{Rafikov}, R.~R.},
    title = "{Can Giant Planets Form by Direct Gravitational Instability?}",
  journal = {\apjl},
   eprint = {arXiv:astro-ph/0406469},
 keywords = {Planets and Satellites: Formation, Solar System: Formation},
     year = 2005,
    month = mar,
   volume = 621,
    pages = {L69-L72},
      doi = {10.1086/428899},
   adsurl = {http://adsabs.harvard.edu/abs/2005ApJ...621L..69R},
  adsnote = {Provided by the SAO/NASA Astrophysics Data System}
}