%% This BibTeX bibliography file was created using BibDesk.
%% http://bibdesk.sourceforge.net/


%% Created for Andrew Youdin at 2014-02-12 18:18:45 -0700 


%% Saved with string encoding Unicode (UTF-8) 



@article{close14,
	Adsnote = {Provided by the SAO/NASA Astrophysics Data System},
	Adsurl = {http://adsabs.harvard.edu/abs/2014ApJ...781L..30C},
	Archiveprefix = {arXiv},
	Author = {{Close}, L.~M. and {Follette}, K.~B. and {Males}, J.~R. and {Puglisi}, A. and {Xompero}, M. and {Apai}, D. and {Najita}, J. and {Weinberger}, A.~J. and {Morzinski}, K. and {Rodigas}, T.~J. and {Hinz}, P. and {Bailey}, V. and {Briguglio}, R.},
	Date-Added = {2014-02-13 01:15:04 +0000},
	Date-Modified = {2014-02-13 01:15:08 +0000},
	Doi = {10.1088/2041-8205/781/2/L30},
	Eid = {L30},
	Eprint = {1401.1273},
	Journal = {\apjl},
	Keywords = {instrumentation: adaptive optics, open clusters and associations: individual: Sco OB-2 association, planetary systems, planet-disk interactions, stars: individual: HD 142527},
	Month = feb,
	Pages = {L30},
	Primaryclass = {astro-ph.EP},
	Title = {{Discovery of H{$\alpha$} Emission from the Close Companion inside the Gap of Transitional Disk HD{\nbsp}142527}},
	Volume = 781,
	Year = 2014,
	Bdsk-Url-1 = {http://dx.doi.org/10.1088/2041-8205/781/2/L30}}

@article{andrews10,
	Adsnote = {Provided by the SAO/NASA Astrophysics Data System},
	Adsurl = {http://adsabs.harvard.edu/abs/2010ApJ...723.1241A},
	Archiveprefix = {arXiv},
	Author = {{Andrews}, S.~M. and {Wilner}, D.~J. and {Hughes}, A.~M. and {Qi}, C. and {Dullemond}, C.~P.},
	Date-Added = {2013-10-28 21:20:08 +0000},
	Date-Modified = {2013-10-28 21:20:11 +0000},
	Doi = {10.1088/0004-637X/723/2/1241},
	Eprint = {1007.5070},
	Journal = {\apj},
	Keywords = {accretion, accretion disks, circumstellar matter, planetary systems, protoplanetary disks, stars: pre-main sequence},
	Month = nov,
	Pages = {1241-1254},
	Primaryclass = {astro-ph.SR},
	Title = {{Protoplanetary Disk Structures in Ophiuchus. II. Extension to Fainter Sources}},
	Volume = 723,
	Year = 2010,
	Bdsk-Url-1 = {http://dx.doi.org/10.1088/0004-637X/723/2/1241}}

@article{bromley11,
	Adsnote = {Provided by the SAO/NASA Astrophysics Data System},
	Adsurl = {http://adsabs.harvard.edu/abs/2011ApJ...731..101B},
	Archiveprefix = {arXiv},
	Author = {{Bromley}, B.~C. and {Kenyon}, S.~J.},
	Date-Added = {2013-10-28 21:16:24 +0000},
	Date-Modified = {2013-10-28 21:21:33 +0000},
	Doi = {10.1088/0004-637X/731/2/101},
	Eid = {101},
	Eprint = {1012.0574},
	Journal = {\apj},
	Keywords = {circumstellar matter, planet-disk interactions, planetary systems, planets and satellites: formation, protoplanetary disks},
	Month = apr,
	Pages = {101},
	Primaryclass = {astro-ph.EP},
	Title = {{A New Hybrid N-body-coagulation Code for the Formation of Gas Giant Planets}},
	Volume = 731,
	Year = 2011,
	Bdsk-Url-1 = {http://dx.doi.org/10.1088/0004-637X/731/2/101}}

@article{williams11,
	Adsnote = {Provided by the SAO/NASA Astrophysics Data System},
	Adsurl = {http://adsabs.harvard.edu/abs/2011ARA%26A..49...67W},
	Archiveprefix = {arXiv},
	Author = {{Williams}, J.~P. and {Cieza}, L.~A.},
	Date-Added = {2013-10-28 19:15:01 +0000},
	Date-Modified = {2013-10-28 19:15:04 +0000},
	Doi = {10.1146/annurev-astro-081710-102548},
	Eprint = {1103.0556},
	Journal = {\araa},
	Month = sep,
	Pages = {67-117},
	Primaryclass = {astro-ph.GA},
	Title = {{Protoplanetary Disks and Their Evolution}},
	Volume = 49,
	Year = 2011,
	Bdsk-File-1 = {YnBsaXN0MDDUAQIDBAUGJCVYJHZlcnNpb25YJG9iamVjdHNZJGFyY2hpdmVyVCR0b3ASAAGGoKgHCBMUFRYaIVUkbnVsbNMJCgsMDxJXTlMua2V5c1pOUy5vYmplY3RzViRjbGFzc6INDoACgAOiEBGABIAFgAdccmVsYXRpdmVQYXRoWWFsaWFzRGF0YV8QJy4uLy4uLy4uLy4uLy4uL1BhcGVycy9XaWxsaWFtcy8yMDExLnBkZtIXCxgZV05TLmRhdGFPEQGMAAAAAAGMAAIAAAxNYWNpbnRvc2ggSEQAAAAAAAAAAAAAAAAAAADIBmG7SCsAAABRYwkIMjAxMS5wZGYAAAAAAAAAAAAAAAAAAAAAAAAAAAAAAAAAAAAAAAAAAAAAAAAAAAAAAAAAAAAAAAAAAAAAAAAAAFEnTMqfk7YAAAAAAAAAAAAFAAMAAAkgAAAAAAAAAAAAAAAAAAAACFdpbGxpYW1zABAACAAAyAa2GwAAABEACAAAyp/oFgAAAAEAFABRYwkAOl6fAAnTKwAJs/wAAJI/AAIAP01hY2ludG9zaCBIRDpVc2VyczoAeW91ZDoARG9jdW1lbnRzOgBQYXBlcnM6AFdpbGxpYW1zOgAyMDExLnBkZgAADgASAAgAMgAwADEAMQAuAHAAZABmAA8AGgAMAE0AYQBjAGkAbgB0AG8AcwBoACAASABEABIALVVzZXJzL3lvdWQvRG9jdW1lbnRzL1BhcGVycy9XaWxsaWFtcy8yMDExLnBkZgAAEwABLwAAFQACAAv//wAAgAbSGxwdHlokY2xhc3NuYW1lWCRjbGFzc2VzXU5TTXV0YWJsZURhdGGjHR8gVk5TRGF0YVhOU09iamVjdNIbHCIjXE5TRGljdGlvbmFyeaIiIF8QD05TS2V5ZWRBcmNoaXZlctEmJ1Ryb290gAEACAARABoAIwAtADIANwBAAEYATQBVAGAAZwBqAGwAbgBxAHMAdQB3AIQAjgC4AL0AxQJVAlcCXAJnAnACfgKCAokCkgKXAqQCpwK5ArwCwQAAAAAAAAIBAAAAAAAAACgAAAAAAAAAAAAAAAAAAALD},
	Bdsk-Url-1 = {http://dx.doi.org/10.1146/annurev-astro-081710-102548}}

@article{LisHub09,
	Adsnote = {Provided by the SAO/NASA Astrophysics Data System},
	Adsurl = {http://adsabs.harvard.edu/abs/2009Icar..199..338L},
	Archiveprefix = {arXiv},
	Author = {{Lissauer}, J.~J. and {Hubickyj}, O. and {D'Angelo}, G. and {Bodenheimer}, P.},
	Date-Added = {2013-10-27 17:19:46 +0000},
	Date-Modified = {2013-10-27 17:19:46 +0000},
	Doi = {10.1016/j.icarus.2008.10.004},
	Eprint = {0810.5186},
	Journal = {Icarus},
	Month = feb,
	Pages = {338-350},
	Title = {{Models of Jupiter's growth incorporating thermal and hydrodynamic constraints}},
	Volume = 199,
	Year = 2009,
	Bdsk-Url-1 = {http://dx.doi.org/10.1016/j.icarus.2008.10.004}}

@article{Raf11,
	Adsnote = {Provided by the SAO/NASA Astrophysics Data System},
	Adsurl = {http://adsabs.harvard.edu/abs/2011ApJ...727...86R},
	Archiveprefix = {arXiv},
	Author = {{Rafikov}, R.~R.},
	Date-Added = {2013-10-25 22:52:04 +0000},
	Date-Modified = {2013-10-25 22:52:04 +0000},
	Doi = {10.1088/0004-637X/727/2/86},
	Eprint = {1004.5139},
	Journal = {\apj},
	Keywords = {planetary systems, planets and satellites: formation, protoplanetary disks},
	Month = feb,
	Pages = {86-+},
	Primaryclass = {astro-ph.EP},
	Title = {{Constraint on the Giant Planet Production by Core Accretion}},
	Volume = 727,
	Year = 2011,
	Bdsk-File-1 = {YnBsaXN0MDDUAQIDBAUGJCVYJHZlcnNpb25YJG9iamVjdHNZJGFyY2hpdmVyVCR0b3ASAAGGoKgHCBMUFRYaIVUkbnVsbNMJCgsMDxJXTlMua2V5c1pOUy5vYmplY3RzViRjbGFzc6INDoACgAOiEBGABIAFgAdccmVsYXRpdmVQYXRoWWFsaWFzRGF0YV8QJi4uLy4uLy4uLy4uLy4uL1BhcGVycy9SYWZpa292LzIwMTEucGRm0hcLGBlXTlMuZGF0YU8RAYgAAAAAAYgAAgAADE1hY2ludG9zaCBIRAAAAAAAAAAAAAAAAAAAAMgGYbtIKwAAADtr8wgyMDExLnBkZgAAAAAAAAAAAAAAAAAAAAAAAAAAAAAAAAAAAAAAAAAAAAAAAAAAAAAAAAAAAAAAAAAAAAAAAAAAZYaUy2gkZgAAAAAAAAAAAAUAAwAACSAAAAAAAAAAAAAAAAAAAAAHUmFmaWtvdgAAEAAIAADIBrYbAAAAEQAIAADLaIbWAAAAAQAUADtr8wA6Xp8ACdMrAAmz/AAAkj8AAgA+TWFjaW50b3NoIEhEOlVzZXJzOgB5b3VkOgBEb2N1bWVudHM6AFBhcGVyczoAUmFmaWtvdjoAMjAxMS5wZGYADgASAAgAMgAwADEAMQAuAHAAZABmAA8AGgAMAE0AYQBjAGkAbgB0AG8AcwBoACAASABEABIALFVzZXJzL3lvdWQvRG9jdW1lbnRzL1BhcGVycy9SYWZpa292LzIwMTEucGRmABMAAS8AABUAAgAL//8AAIAG0hscHR5aJGNsYXNzbmFtZVgkY2xhc3Nlc11OU011dGFibGVEYXRhox0fIFZOU0RhdGFYTlNPYmplY3TSGxwiI1xOU0RpY3Rpb25hcnmiIiBfEA9OU0tleWVkQXJjaGl2ZXLRJidUcm9vdIABAAgAEQAaACMALQAyADcAQABGAE0AVQBgAGcAagBsAG4AcQBzAHUAdwCEAI4AtwC8AMQCUAJSAlcCYgJrAnkCfQKEAo0CkgKfAqICtAK3ArwAAAAAAAACAQAAAAAAAAAoAAAAAAAAAAAAAAAAAAACvg==},
	Bdsk-Url-1 = {http://dx.doi.org/10.1088/0004-637X/727/2/86}}

@article{PerCam74,
	Adsnote = {Provided by the SAO/NASA Astrophysics Data System},
	Adsurl = {http://adsabs.harvard.edu/abs/1974Icar...22..416P},
	Author = {{Perri}, F. and {Cameron}, A.~G.~W.},
	Date-Added = {2013-10-25 22:02:24 +0000},
	Date-Modified = {2013-10-25 22:02:24 +0000},
	Doi = {10.1016/0019-1035(74)90074-8},
	Journal = {Icarus},
	Keywords = {ASTRONOMICAL MODELS, FLOW STABILITY, GRAVITATIONAL EFFECTS, PLANETARY EVOLUTION, SOLAR SYSTEM, ADIABATIC CONDITIONS, ANGULAR VELOCITY, BOUNDARY VALUE PROBLEMS, CONDENSING, ENVELOPES, GAS DYNAMICS, HYDRODYNAMICS, JUPITER (PLANET), NEBULAE, PLANETARY MASS, SATURN (PLANET)},
	Month = aug,
	Pages = {416-425},
	Title = {{Hydrodynamic instability of the solar nebula in the presence of a planetary core}},
	Volume = 22,
	Year = 1974,
	Bdsk-Url-1 = {http://dx.doi.org/10.1016/0019-1035(74)90074-8}}

@article{cameron78,
	Adsnote = {Provided by the SAO/NASA Astrophysics Data System},
	Adsurl = {http://adsabs.harvard.edu/abs/1978M%26P....18....5C},
	Author = {{Cameron}, A.~G.~W.},
	Date-Added = {2013-10-25 22:02:14 +0000},
	Date-Modified = {2013-10-25 22:02:17 +0000},
	Doi = {10.1007/BF00896696},
	Journal = {Moon and Planets},
	Keywords = {SOLAR CORONA, SOLAR PHYSICS, STELLAR EVOLUTION, STELLAR MASS ACCRETION, STELLAR MODELS, ANGULAR MOMENTUM, COMETS, DYNAMIC STABILITY, ENERGY DISSIPATION, GAS GIANT PLANETS, MOMENTUM TRANSFER, NEBULAE, PLANETARY EVOLUTION, ROTATING DISKS, STEADY FLOW, STELLAR MASS EJECTION, STELLAR STRUCTURE, VISCOUS FLUIDS},
	Month = feb,
	Pages = {5-40},
	Title = {{Physics of the primitive solar accretion disk}},
	Volume = 18,
	Year = 1978,
	Bdsk-Url-1 = {http://dx.doi.org/10.1007/BF00896696}}

@article{matzner05,
	Adsnote = {Provided by the SAO/NASA Astrophysics Data System},
	Adsurl = {http://adsabs.harvard.edu/abs/2005ApJ...628..817M},
	Author = {{Matzner}, C.~D. and {Levin}, Y.},
	Date-Added = {2013-10-25 21:55:32 +0000},
	Date-Modified = {2013-10-25 21:55:34 +0000},
	Doi = {10.1086/430813},
	Eprint = {arXiv:astro-ph/0408525},
	Journal = {\apj},
	Keywords = {Stars: Formation, Stars: Low-Mass, Brown Dwarfs},
	Month = aug,
	Pages = {817-831},
	Title = {{Protostellar Disks: Formation, Fragmentation, and the Brown Dwarf Desert}},
	Volume = 628,
	Year = 2005,
	Bdsk-Url-1 = {http://dx.doi.org/10.1086/430813}}

@inproceedings{macintosh12,
	Adsnote = {Provided by the SAO/NASA Astrophysics Data System},
	Adsurl = {http://adsabs.harvard.edu/abs/2012SPIE.8446E..1UM},
	Author = {{Macintosh}, B.~A. and {Anthony}, A. and {Atwood}, J. and {Barriga}, N. and {Bauman}, B. and {Caputa}, K. and {Chilcote}, J. and {Dillon}, D. and {Doyon}, R. and {Dunn}, J. and {Gavel}, D.~T. and {Galvez}, R. and {Goodsell}, S.~J. and {Graham}, J.~R. and {Hartung}, M. and {Isaacs}, J. and {Kerley}, D. and {Konopacky}, Q. and {Labrie}, K. and {Larkin}, J.~E. and {Maire}, J. and {Marois}, C. and {Millar-Blanchaer}, M. and {Nunez}, A. and {Oppenheimer}, B.~R. and {Palmer}, D.~W. and {Pazder}, J. and {Perrin}, M. and {Poyneer}, L.~A. and {Quirez}, C. and {Rantakyro}, F. and {Reshtov}, V. and {Saddlemyer}, L. and {Sadakuni}, N. and {Savransky}, D. and {Sivaramakrishnan}, A. and {Smith}, M. and {Soummer}, R. and {Thomas}, S. and {Wallace}, J.~K. and {Weiss}, J. and {Wiktorowicz}, S.},
	Booktitle = {Society of Photo-Optical Instrumentation Engineers (SPIE) Conference Series},
	Date-Added = {2013-10-25 00:17:44 +0000},
	Date-Modified = {2013-10-25 00:17:48 +0000},
	Doi = {10.1117/12.926721},
	Eid = {84461U},
	Month = sep,
	Series = {Society of Photo-Optical Instrumentation Engineers (SPIE) Conference Series},
	Title = {{The Gemini Planet Imager: integration and status}},
	Volume = 8446,
	Year = 2012,
	Bdsk-Url-1 = {http://dx.doi.org/10.1117/12.926721}}

@inproceedings{hinz12,
	Adsnote = {Provided by the SAO/NASA Astrophysics Data System},
	Adsurl = {http://adsabs.harvard.edu/abs/2012SPIE.8445E..0UH},
	Author = {{Hinz}, P. and {Arbo}, P. and {Bailey}, V. and {Connors}, T. and {Durney}, O. and {Esposito}, S. and {Hoffmann}, W. and {Jones}, T. and {Leisenring}, J. and {Montoya}, M. and {Nash}, M. and {Nelson}, M. and {McMahon}, T. and {Pinna}, E. and {Puglisi}, A. and {Skemer}, A. and {Skrutskie}, M. and {Vaitheeswaran}, V.},
	Booktitle = {Society of Photo-Optical Instrumentation Engineers (SPIE) Conference Series},
	Date-Added = {2013-10-25 00:13:52 +0000},
	Date-Modified = {2013-10-25 00:13:56 +0000},
	Doi = {10.1117/12.926746},
	Eid = {84450U},
	Month = jul,
	Series = {Society of Photo-Optical Instrumentation Engineers (SPIE) Conference Series},
	Title = {{First AO-corrected interferometry with LBTI: steps towards routine coherent imaging observations}},
	Volume = 8445,
	Year = 2012,
	Bdsk-Url-1 = {http://dx.doi.org/10.1117/12.926746}}

@article{HorIko11,
	Adsnote = {Provided by the SAO/NASA Astrophysics Data System},
	Adsurl = {http://adsabs.harvard.edu/abs/2011MNRAS.416.1419H},
	Archiveprefix = {arXiv},
	Author = {{Hori}, Y. and {Ikoma}, M.},
	Date-Added = {2013-10-24 23:00:01 +0000},
	Date-Modified = {2013-10-24 23:00:01 +0000},
	Doi = {10.1111/j.1365-2966.2011.19140.x},
	Eprint = {1106.2626},
	Journal = {\mnras},
	Keywords = {accretion, accretion discs, planets and satellites: formation},
	Month = sep,
	Pages = {1419-1429},
	Primaryclass = {astro-ph.EP},
	Title = {{Gas giant formation with small cores triggered by envelope pollution by icy planetesimals}},
	Volume = 416,
	Year = 2011,
	Bdsk-Url-1 = {http://dx.doi.org/10.1111/j.1365-2966.2011.19140.x}}

@article{burrows97,
	Adsnote = {Provided by the SAO/NASA Astrophysics Data System},
	Adsurl = {http://adsabs.harvard.edu/abs/1997ApJ...491..856B},
	Author = {{Burrows}, A. and {Marley}, M. and {Hubbard}, W.~B. and {Lunine}, J.~I. and {Guillot}, T. and {Saumon}, D. and {Freedman}, R. and {Sudarsky}, D. and {Sharp}, C.},
	Date-Added = {2013-10-24 18:13:03 +0000},
	Date-Modified = {2013-10-24 18:13:18 +0000},
	Doi = {10.1086/305002},
	Eprint = {arXiv:astro-ph/9705201},
	Journal = {\apj},
	Keywords = {STARS: PLANETARY SYSTEMS, STARS: ATMOSPHERES, STARS: INTERIORS, STARS: LOW-MASS, BROWN DWARFS},
	Month = dec,
	Pages = {856},
	Title = {{A Nongray Theory of Extrasolar Giant Planets and Brown Dwarfs}},
	Volume = 491,
	Year = 1997,
	Bdsk-Url-1 = {http://dx.doi.org/10.1086/305002}}

@article{podolak03,
	Adsnote = {Provided by the SAO/NASA Astrophysics Data System},
	Adsurl = {http://adsabs.harvard.edu/abs/2003Icar..165..428P},
	Author = {{Podolak}, M.},
	Date-Added = {2013-10-24 04:56:33 +0000},
	Date-Modified = {2013-10-24 04:56:33 +0000},
	Doi = {10.1016/S0019-1035(03)00207-0},
	Journal = {Icarus},
	Month = oct,
	Pages = {428-437},
	Title = {{The contribution of small grains to the opacity of protoplanetary atmospheres}},
	Volume = 165,
	Year = 2003,
	Bdsk-File-1 = {YnBsaXN0MDDUAQIDBAUGJCVYJHZlcnNpb25YJG9iamVjdHNZJGFyY2hpdmVyVCR0b3ASAAGGoKgHCBMUFRYaIVUkbnVsbNMJCgsMDxJXTlMua2V5c1pOUy5vYmplY3RzViRjbGFzc6INDoACgAOiEBGABIAFgAdccmVsYXRpdmVQYXRoWWFsaWFzRGF0YV8QYy4uLy4uLy4uLy4uLy4uL1BhcGVycy9Qb2RvbGFrL1RoZSBjb250cmlidXRpb24gb2Ygc21hbGwgZ3JhaW5zIHRvIHRoZSBvcGFjaXR5IG9mIHByb3RvcGxhbmV0YXJ5LnBkZtIXCxgZV05TLmRhdGFPEQJYAAAAAAJYAAIAAAxNYWNpbnRvc2ggSEQAAAAAAAAAAAAAAAAAAADIBmG7SCsAAADRaQMfVGhlIGNvbnRyaWJ1dGlvbiBvZiAjQ0JEQUQzLnBkZgAAAAAAAAAAAAAAAAAAAAAAAAAAAAAAAAAAAAAAAAAAAMva081BZVMAAAAAAAAAAAAFAAMAAAkgAAAAAAAAAAAAAAAAAAAAB1BvZG9sYWsAABAACAAAyAa2GwAAABEACAAAzUHHwwAAAAEAFADRaQMAOl6fAAnTKwAJs/wAAJI/AAIAVU1hY2ludG9zaCBIRDpVc2VyczoAeW91ZDoARG9jdW1lbnRzOgBQYXBlcnM6AFBvZG9sYWs6AFRoZSBjb250cmlidXRpb24gb2YgI0NCREFEMy5wZGYAAA4AjABFAFQAaABlACAAYwBvAG4AdAByAGkAYgB1AHQAaQBvAG4AIABvAGYAIABzAG0AYQBsAGwAIABnAHIAYQBpAG4AcwAgAHQAbwAgAHQAaABlACAAbwBwAGEAYwBpAHQAeQAgAG8AZgAgAHAAcgBvAHQAbwBwAGwAYQBuAGUAdABhAHIAeQAuAHAAZABmAA8AGgAMAE0AYQBjAGkAbgB0AG8AcwBoACAASABEABIAaVVzZXJzL3lvdWQvRG9jdW1lbnRzL1BhcGVycy9Qb2RvbGFrL1RoZSBjb250cmlidXRpb24gb2Ygc21hbGwgZ3JhaW5zIHRvIHRoZSBvcGFjaXR5IG9mIHByb3RvcGxhbmV0YXJ5LnBkZgAAEwABLwAAFQACAAv//wAAgAbSGxwdHlokY2xhc3NuYW1lWCRjbGFzc2VzXU5TTXV0YWJsZURhdGGjHR8gVk5TRGF0YVhOU09iamVjdNIbHCIjXE5TRGljdGlvbmFyeaIiIF8QD05TS2V5ZWRBcmNoaXZlctEmJ1Ryb290gAEACAARABoAIwAtADIANwBAAEYATQBVAGAAZwBqAGwAbgBxAHMAdQB3AIQAjgD0APkBAQNdA18DZANvA3gDhgOKA5EDmgOfA6wDrwPBA8QDyQAAAAAAAAIBAAAAAAAAACgAAAAAAAAAAAAAAAAAAAPL},
	Bdsk-Url-1 = {http://dx.doi.org/10.1016/S0019-1035(03)00207-0}}

@article{alibert05,
	Adsnote = {Provided by the SAO/NASA Astrophysics Data System},
	Adsurl = {http://adsabs.harvard.edu/abs/2005A%26A...434..343A},
	Author = {{Alibert}, Y. and {Mordasini}, C. and {Benz}, W. and {Winisdoerffer}, C.},
	Doi = {10.1051/0004-6361:20042032},
	Eprint = {arXiv:astro-ph/0412444},
	Journal = {\aap},
	Keywords = {stars: planetary systems, stars: planetary systems: formation, solar system: formation},
	Month = apr,
	Pages = {343-353},
	Title = {{Models of giant planet formation with migration and disc evolution}},
	Volume = 434,
	Year = 2005,
	Bdsk-Url-1 = {http://dx.doi.org/10.1051/0004-6361:20042032}}

@article{ab06,
	Adsnote = {Provided by the SAO/NASA Astrophysics Data System},
	Adsurl = {http://adsabs.harvard.edu/abs/2006ApJ...650..394A},
	Author = {{Arras}, P. and {Bildsten}, L.},
	Date-Added = {2013-07-01 23:16:33 +0000},
	Date-Modified = {2013-07-01 23:16:33 +0000},
	Doi = {10.1086/506011},
	Eprint = {arXiv:astro-ph/0601317},
	Journal = {\apj},
	Keywords = {Stars: Planetary Systems, Planets and Satellites: General},
	Month = oct,
	Pages = {394-407},
	Title = {{Thermal Structure and Radius Evolution of Irradiated Gas Giant Planets}},
	Volume = 650,
	Year = 2006,
	Bdsk-Url-1 = {http://dx.doi.org/10.1086/506011}}

@article{AylBat12,
	Adsnote = {Provided by the SAO/NASA Astrophysics Data System},
	Adsurl = {http://adsabs.harvard.edu/abs/2012MNRAS.427.2597A},
	Archiveprefix = {arXiv},
	Author = {{Ayliffe}, B.~A. and {Bate}, M.~R.},
	Date-Added = {2013-03-21 23:45:24 +0000},
	Date-Modified = {2013-03-21 23:45:24 +0000},
	Doi = {10.1111/j.1365-2966.2012.21979.x},
	Eprint = {1208.5513},
	Journal = {\mnras},
	Keywords = {hydrodynamics, radiative transfer, methods: numerical, planets and satellites: formation},
	Month = dec,
	Pages = {2597-2612},
	Primaryclass = {astro-ph.EP},
	Title = {{The growth and hydrodynamic collapse of a protoplanet envelope}},
	Volume = 427,
	Year = 2012,
	Bdsk-Url-1 = {http://dx.doi.org/10.1111/j.1365-2966.2012.21979.x}}

@article{bell94,
	Adsnote = {Provided by the SAO/NASA Astrophysics Data System},
	Adsurl = {http://adsabs.harvard.edu/abs/1994ApJ...427..987B},
	Author = {{Bell}, K.~R. and {Lin}, D.~N.~C.},
	Doi = {10.1086/174206},
	Eprint = {arXiv:astro-ph/9312015},
	Journal = {\apj},
	Keywords = {ACCRETION DISKS, IONIZATION, PROTOSTARS, STAR FORMATION, STELLAR MASS ACCRETION, STELLAR MODELS, THERMAL STABILITY, HYDROGEN CLOUDS, RADIAL FLOW, STELLAR MASS EJECTION},
	Month = jun,
	Pages = {987-1004},
	Title = {{Using FU Orionis outbursts to constrain self-regulated protostellar disk models}},
	Volume = 427,
	Year = 1994,
	Bdsk-Url-1 = {http://dx.doi.org/10.1086/174206}}

@article{boden86,
	Adsnote = {Provided by the SAO/NASA Astrophysics Data System},
	Adsurl = {http://adsabs.harvard.edu/abs/1986Icar...67..391B},
	Author = {{Bodenheimer}, P. and {Pollack}, J.~B.},
	Doi = {10.1016/0019-1035(86)90122-3},
	Journal = {Icarus},
	Keywords = {COMPUTATIONAL ASTROPHYSICS, DEPOSITION, GAS GIANT PLANETS, PLANETARY CORES, PLANETARY EVOLUTION, ASTRONOMICAL MODELS, GRAVITATIONAL EFFECTS, PROTOPLANETS, SATURN (PLANET), TIME DEPENDENCE, URANUS (PLANET)},
	Month = sep,
	Pages = {391-408},
	Title = {{Calculations of the accretion and evolution of giant planets The effects of solid cores}},
	Volume = 67,
	Year = 1986,
	Bdsk-Url-1 = {http://dx.doi.org/10.1016/0019-1035(86)90122-3}}

@article{boss97,
	Adsnote = {Provided by the SAO/NASA Astrophysics Data System},
	Adsurl = {http://adsabs.harvard.edu/abs/1997Sci...276.1836B},
	Author = {{Boss}, A.~P.},
	Doi = {10.1126/science.276.5320.1836},
	Journal = {Science},
	Keywords = {Jovian Planets: Formation, Solar Nebula: Gravitational Instability, Protoplanetary Disks: Hydrodynamics},
	Pages = {1836-1839},
	Title = {{Giant planet formation by gravitational instability.}},
	Volume = 276,
	Year = 1997,
	Bdsk-Url-1 = {http://dx.doi.org/10.1126/science.276.5320.1836}}

@article{chiang10,
	Adsnote = {Provided by the SAO/NASA Astrophysics Data System},
	Adsurl = {http://adsabs.harvard.edu/abs/2010AREPS..38..493C},
	Archiveprefix = {arXiv},
	Author = {{Chiang}, E. and {Youdin}, A.~N.},
	Doi = {10.1146/annurev-earth-040809-152513},
	Eprint = {0909.2652},
	Journal = {Annual Review of Earth and Planetary Sciences},
	Month = may,
	Pages = {493-522},
	Primaryclass = {astro-ph.EP},
	Title = {{Forming Planetesimals in Solar and Extrasolar Nebulae}},
	Volume = 38,
	Year = 2010,
	Bdsk-Url-1 = {http://dx.doi.org/10.1146/annurev-earth-040809-152513}}

@inbook{dangelo11,
	Adsnote = {Provided by the SAO/NASA Astrophysics Data System},
	Adsurl = {http://adsabs.harvard.edu/abs/2011exop.book..319D},
	Author = {{D'Angelo}, G. and {Durisen}, R.~H. and {Lissauer}, J.~J.},
	Booktitle = {Exoplanets, edited by S.~Seager.~ Tucson, AZ: University of Arizona Press, 2011, 526 pp.~ ISBN 978-0-8165-2945-2., p.319-346},
	Editor = {{Piper}, S.},
	Pages = {319-346},
	Title = {{Giant Planet Formation}},
	Year = 2011}

@article{FerAle05,
	Adsnote = {Provided by the SAO/NASA Astrophysics Data System},
	Adsurl = {http://adsabs.harvard.edu/abs/2005ApJ...623..585F},
	Author = {{Ferguson}, J.~W. and {Alexander}, D.~R. and {Allard}, F. and {Barman}, T. and {Bodnarik}, J.~G. and {Hauschildt}, P.~H. and {Heffner-Wong}, A. and {Tamanai}, A.},
	Date-Added = {2013-07-01 17:32:05 +0000},
	Date-Modified = {2013-07-01 17:32:05 +0000},
	Doi = {10.1086/428642},
	Eprint = {arXiv:astro-ph/0502045},
	Journal = {\apj},
	Keywords = {Atomic Data, Equation of State, Methods: Numerical, Molecular Data},
	Month = apr,
	Pages = {585-596},
	Title = {{Low-Temperature Opacities}},
	Volume = 623,
	Year = 2005,
	Bdsk-Url-1 = {http://dx.doi.org/10.1086/428642}}

@article{fortney07,
	Adsnote = {Provided by the SAO/NASA Astrophysics Data System},
	Adsurl = {http://adsabs.harvard.edu/abs/2007ApJ...659.1661F},
	Author = {{Fortney}, J.~J. and {Marley}, M.~S. and {Barnes}, J.~W.},
	Date-Added = {2013-03-22 03:45:32 +0000},
	Date-Modified = {2013-03-22 03:48:59 +0000},
	Doi = {10.1086/512120},
	Eprint = {arXiv:astro-ph/0612671},
	Journal = {\apj},
	Keywords = {Stars: Binaries: Eclipsing, Stars: Planetary Systems},
	Month = apr,
	Pages = {1661-1672},
	Title = {{Planetary Radii across Five Orders of Magnitude in Mass and Stellar Insolation: Application to Transits}},
	Volume = 659,
	Year = 2007,
	Bdsk-Url-1 = {http://dx.doi.org/10.1086/512120}}

@article{goldreich04,
	Adsnote = {Provided by the SAO/NASA Astrophysics Data System},
	Adsurl = {http://adsabs.harvard.edu/abs/2004ARA%26A..42..549G},
	Author = {{Goldreich}, P. and {Lithwick}, Y. and {Sari}, R.},
	Doi = {10.1146/annurev.astro.42.053102.134004},
	Eprint = {arXiv:astro-ph/0405215},
	Journal = {\araa},
	Month = sep,
	Pages = {549-601},
	Title = {{Planet Formation by Coagulation: A Focus on Uranus and Neptune}},
	Volume = 42,
	Year = 2004,
	Bdsk-Url-1 = {http://dx.doi.org/10.1146/annurev.astro.42.053102.134004}}

@article{haisch01,
	Adsnote = {Provided by the SAO/NASA Astrophysics Data System},
	Adsurl = {http://adsabs.harvard.edu/abs/2001ApJ...553L.153H},
	Author = {{Haisch}, Jr., K.~E. and {Lada}, E.~A. and {Lada}, C.~J.},
	Doi = {10.1086/320685},
	Eprint = {arXiv:astro-ph/0104347},
	Journal = {\apjl},
	Keywords = {Infrared: Stars, Galaxy: Open Clusters and Associations: General, Stars: Planetary Systems: Protoplanetary Disks, Stars: Formation},
	Month = jun,
	Pages = {L153-L156},
	Title = {{Disk Frequencies and Lifetimes in Young Clusters}},
	Volume = 553,
	Year = 2001,
	Bdsk-Url-1 = {http://dx.doi.org/10.1086/320685}}

@inproceedings{harris78,
	Adsnote = {Provided by the SAO/NASA Astrophysics Data System},
	Adsurl = {http://adsabs.harvard.edu/abs/1978LPI.....9..459H},
	Author = {{Harris}, A.~W.},
	Booktitle = {Lunar and Planetary Institute Science Conference Abstracts},
	Keywords = {PLANETS, OUTER PLANETS, GAS PLANETS, FORMATION, ORIGIN, SOLAR SYSTEM},
	Month = mar,
	Pages = {459-461},
	Series = {Lunar and Planetary Institute Science Conference Abstracts},
	Title = {{The Formation of the Outer Planets}},
	Volume = 9,
	Year = 1978}

@article{HubBod05,
	Adsnote = {Provided by the SAO/NASA Astrophysics Data System},
	Adsurl = {http://adsabs.harvard.edu/abs/2005Icar..179..415H},
	Author = {{Hubickyj}, O. and {Bodenheimer}, P. and {Lissauer}, J.~J.},
	Date-Added = {2013-07-30 22:52:28 +0000},
	Date-Modified = {2013-07-30 22:52:28 +0000},
	Doi = {10.1016/j.icarus.2005.06.021},
	Journal = {Icarus},
	Month = dec,
	Pages = {415-431},
	Title = {{Accretion of the gaseous envelope of Jupiter around a 5 10 Earth-mass core}},
	Volume = 179,
	Year = 2005,
	Bdsk-Url-1 = {http://dx.doi.org/10.1016/j.icarus.2005.06.021}}

@article{ikoma00,
	Adsnote = {Provided by the SAO/NASA Astrophysics Data System},
	Adsurl = {http://adsabs.harvard.edu/abs/2000ApJ...537.1013I},
	Author = {{Ikoma}, M. and {Nakazawa}, K. and {Emori}, H.},
	Doi = {10.1086/309050},
	Journal = {\apj},
	Keywords = {Stars: Planetary Systems, Solar System: Formation},
	Month = jul,
	Pages = {1013-1025},
	Title = {{Formation of Giant Planets: Dependences on Core Accretion Rate and Grain Opacity}},
	Volume = 537,
	Year = 2000,
	Bdsk-Url-1 = {http://dx.doi.org/10.1086/309050}}

@book{kippenhahn90,
	Adsnote = {Provided by the SAO/NASA Astrophysics Data System},
	Adsurl = {http://adsabs.harvard.edu/abs/1990sse..book.....K},
	Author = {{Kippenhahn}, R. and {Weigert}, A.},
	Booktitle = {Stellar Structure and Evolution, XVI, 468 pp.~192 figs..~ Springer-Verlag Berlin Heidelberg New York.~Also Astronomy and Astrophysics Library},
	Keywords = {STELLAR STRUCTURE, STELLAR EVOLUTION},
	Title = {{Stellar Structure and Evolution}},
	Year = 1990}

@article{kratter10,
	Adsnote = {Provided by the SAO/NASA Astrophysics Data System},
	Adsurl = {http://adsabs.harvard.edu/abs/2010ApJ...710.1375K},
	Archiveprefix = {arXiv},
	Author = {{Kratter}, K.~M. and {Murray-Clay}, R.~A. and {Youdin}, A.~N.},
	Doi = {10.1088/0004-637X/710/2/1375},
	Eprint = {0909.2644},
	Journal = {\apj},
	Keywords = {binaries: general, brown dwarfs, planet-disk interactions, planets and satellites: formation, protoplanetary disks},
	Month = feb,
	Pages = {1375-1386},
	Primaryclass = {astro-ph.EP},
	Title = {{The Runts of the Litter: Why Planets Formed Through Gravitational Instability Can Only Be Failed Binary Stars}},
	Volume = 710,
	Year = 2010,
	Bdsk-Url-1 = {http://dx.doi.org/10.1088/0004-637X/710/2/1375}}

@article{lagrange00,
	Adsnote = {Provided by the SAO/NASA Astrophysics Data System},
	Adsurl = {http://adsabs.harvard.edu/abs/2000prpl.conf..639L},
	Author = {{Lagrange}, A.-M. and {Backman}, D.~E. and {Artymowicz}, P.},
	Journal = {Protostars and Planets IV},
	Month = may,
	Pages = {639},
	Title = {{Planetary Material around Main-Sequence Stars}},
	Year = 2000}

@article{marleau13,
	Adsnote = {Provided by the SAO/NASA Astrophysics Data System},
	Adsurl = {http://adsabs.harvard.edu/abs/2013arXiv1302.1517M},
	Archiveprefix = {arXiv},
	Author = {{Marleau}, G.-D. and {Cumming}, A.},
	Date-Added = {2013-06-28 00:30:47 +0000},
	Date-Modified = {2013-06-28 00:36:58 +0000},
	Eprint = {1302.1517},
	Journal = {arXiv:1302.1517},
	Keywords = {Astrophysics - Earth and Planetary Astrophysics},
	Month = feb,
	Primaryclass = {astro-ph.EP},
	Title = {{Constraining the initial entropy of directly-detected exoplanets}},
	Year = 2013}

@article{mizuno78,
	Adsnote = {Provided by the SAO/NASA Astrophysics Data System},
	Adsurl = {http://adsabs.harvard.edu/abs/1978PThPh..60..699M},
	Author = {{Mizuno}, H. and {Nakazawa}, K. and {Hayashi}, C.},
	Doi = {10.1143/PTP.60.699},
	Journal = {Progress of Theoretical Physics},
	Month = sep,
	Pages = {699-710},
	Title = {{Instability of a gaseous envelope surrounding a planetary core and formation of giant planets}},
	Volume = 60,
	Year = 1978,
	Bdsk-Url-1 = {http://dx.doi.org/10.1143/PTP.60.699}}

@article{Orm13,
	Adsnote = {Provided by the SAO/NASA Astrophysics Data System},
	Adsurl = {http://adsabs.harvard.edu/abs/2013MNRAS.428.3526O},
	Archiveprefix = {arXiv},
	Author = {{Ormel}, C.~W.},
	Date-Added = {2013-06-27 18:00:05 +0000},
	Date-Modified = {2013-06-27 18:00:05 +0000},
	Doi = {10.1093/mnras/sts289},
	Eprint = {1210.7501},
	Journal = {\mnras},
	Keywords = {hydrodynamics, methods: analytical, planets and satellites: formation, protoplanetary discs},
	Month = feb,
	Pages = {3526-3542},
	Primaryclass = {astro-ph.EP},
	Title = {{The steady-state flow pattern past gravitating bodies}},
	Volume = 428,
	Year = 2013,
	Bdsk-Url-1 = {http://dx.doi.org/10.1093/mnras/sts289}}

@article{pap99,
	Adsnote = {Provided by the SAO/NASA Astrophysics Data System},
	Adsurl = {http://adsabs.harvard.edu/abs/1999ApJ...521..823P},
	Author = {{Papaloizou}, J.~C.~B. and {Terquem}, C.},
	Doi = {10.1086/307581},
	Eprint = {arXiv:astro-ph/9903310},
	Journal = {\apj},
	Keywords = {ACCRETION, ACCRETION DISKS, STARS: PLANETARY SYSTEMS, SOLAR SYSTEM: FORMATION},
	Month = aug,
	Pages = {823-838},
	Title = {{Critical Protoplanetary Core Masses in Protoplanetary Disks and the Formation of Short-Period Giant Planets}},
	Volume = 521,
	Year = 1999,
	Bdsk-Url-1 = {http://dx.doi.org/10.1086/307581}}

@article{pn05,
	Adsnote = {Provided by the SAO/NASA Astrophysics Data System},
	Adsurl = {http://adsabs.harvard.edu/abs/2005A%26A...433..247P},
	Author = {{Papaloizou}, J.~C.~B. and {Nelson}, R.~P.},
	Doi = {10.1051/0004-6361:20042029},
	Eprint = {arXiv:astro-ph/0412377},
	Journal = {\aap},
	Keywords = {accretion, accretion disks, solar system: formation, stars: planetary systems},
	Month = apr,
	Pages = {247-265},
	Title = {{Models of accreting gas giant protoplanets in protostellar disks}},
	Volume = 433,
	Year = 2005,
	Bdsk-Url-1 = {http://dx.doi.org/10.1051/0004-6361:20042029}}

@article{pollack96,
	Adsnote = {Provided by the SAO/NASA Astrophysics Data System},
	Adsurl = {http://adsabs.harvard.edu/abs/1996Icar..124...62P},
	Author = {{Pollack}, J.~B. and {Hubickyj}, O. and {Bodenheimer}, P. and {Lissauer}, J.~J. and {Podolak}, M. and {Greenzweig}, Y.},
	Doi = {10.1006/icar.1996.0190},
	Journal = {Icarus},
	Month = nov,
	Pages = {62-85},
	Title = {{Formation of the Giant Planets by Concurrent Accretion of Solids and Gas}},
	Volume = 124,
	Year = 1996,
	Bdsk-Url-1 = {http://dx.doi.org/10.1006/icar.1996.0190}}

@book{press92,
	Adsnote = {Provided by the SAO/NASA Astrophysics Data System},
	Adsurl = {http://adsabs.harvard.edu/abs/1992nrca.book.....P},
	Author = {{Press}, W.~H. and {Teukolsky}, S.~A. and {Vetterling}, W.~T. and {Flannery}, B.~P.},
	Booktitle = {Cambridge: University Press, |c1992, 2nd ed.},
	Title = {{Numerical recipes in C. The art of scientific computing}},
	Year = 1992}

@article{rafikov05,
	Adsnote = {Provided by the SAO/NASA Astrophysics Data System},
	Adsurl = {http://adsabs.harvard.edu/abs/2005ApJ...621L..69R},
	Author = {{Rafikov}, R.~R.},
	Doi = {10.1086/428899},
	Eprint = {arXiv:astro-ph/0406469},
	Journal = {\apjl},
	Keywords = {Planets and Satellites: Formation, Solar System: Formation},
	Month = mar,
	Pages = {L69-L72},
	Title = {{Can Giant Planets Form by Direct Gravitational Instability?}},
	Volume = 621,
	Year = 2005,
	Bdsk-Url-1 = {http://dx.doi.org/10.1086/428899}}

@article{rafikov06,
	Adsnote = {Provided by the SAO/NASA Astrophysics Data System},
	Adsurl = {http://adsabs.harvard.edu/abs/2006ApJ...648..666R},
	Author = {{Rafikov}, R.~R.},
	Doi = {10.1086/505695},
	Eprint = {arXiv:astro-ph/0405507},
	Journal = {\apj},
	Keywords = {Stars: Planetary Systems: Protoplanetary Disks, Planets and Satellites: Formation, Solar System: Formation},
	Month = sep,
	Pages = {666-682},
	Title = {{Atmospheres of Protoplanetary Cores: Critical Mass for Nucleated Instability}},
	Volume = 648,
	Year = 2006,
	Bdsk-Url-1 = {http://dx.doi.org/10.1086/505695}}

@article{saumon95,
	Adsnote = {Provided by the SAO/NASA Astrophysics Data System},
	Adsurl = {http://adsabs.harvard.edu/abs/1995ApJS...99..713S},
	Author = {{Saumon}, D. and {Chabrier}, G. and {van Horn}, H.~M.},
	Doi = {10.1086/192204},
	Journal = {\apjs},
	Keywords = {EQUATION OF STATE, STARS: INTERIORS, STARS: LOW-MASS, BROWN DWARFS, STARS: PLANETARY SYSTEMS},
	Month = aug,
	Pages = {713},
	Title = {{An Equation of State for Low-Mass Stars and Giant Planets}},
	Volume = 99,
	Year = 1995,
	Bdsk-Url-1 = {http://dx.doi.org/10.1086/192204}}

@article{semenov03,
	Adsnote = {Provided by the SAO/NASA Astrophysics Data System},
	Adsurl = {http://adsabs.harvard.edu/abs/2003A%26A...410..611S},
	Author = {{Semenov}, D. and {Henning}, T. and {Helling}, C. and {Ilgner}, M. and {Sedlmayr}, E.},
	Doi = {10.1051/0004-6361:20031279},
	Eprint = {arXiv:astro-ph/0308344},
	Journal = {\aap},
	Keywords = {accretion, accretion discs, hydrodynamics, atomic processes, molecular processes, stars: planetary systems: protoplanetary discs},
	Month = nov,
	Pages = {611-621},
	Title = {{Rosseland and Planck mean opacities for protoplanetary discs}},
	Volume = 410,
	Year = 2003,
	Bdsk-Url-1 = {http://dx.doi.org/10.1051/0004-6361:20031279}}

@article{ShoCoo08,
	Adsnote = {Provided by the SAO/NASA Astrophysics Data System},
	Adsurl = {http://adsabs.harvard.edu/abs/2008ApJ...682..559S},
	Archiveprefix = {arXiv},
	Author = {{Showman}, A.~P. and {Cooper}, C.~S. and {Fortney}, J.~J. and {Marley}, M.~S.},
	Date-Added = {2013-03-22 22:26:42 +0000},
	Date-Modified = {2013-03-22 22:26:42 +0000},
	Doi = {10.1086/589325},
	Eprint = {0802.0327},
	Journal = {\apj},
	Keywords = {Atmospheric Effects, Methods: Numerical, Planets and Satellites: General, Planets and Satellites: Individual: HD 209458b},
	Month = jul,
	Pages = {559-576},
	Title = {{Atmospheric Circulation of Hot Jupiters: Three-dimensional Circulation Models of HD 209458b and HD 189733b with Simplified Forcing}},
	Volume = 682,
	Year = 2008,
	Bdsk-Url-1 = {http://dx.doi.org/10.1086/589325}}

@article{stevenson82,
	Adsnote = {Provided by the SAO/NASA Astrophysics Data System},
	Adsurl = {http://adsabs.harvard.edu/abs/1982P%26SS...30..755S},
	Author = {{Stevenson}, D.~J.},
	Doi = {10.1016/0032-0633(82)90108-8},
	Journal = {\planss},
	Keywords = {GAS GIANT PLANETS, PLANETARY COMPOSITION, PLANETARY CORES, PLANETARY EVOLUTION, PLANETARY MASS, PLANETARY TEMPERATURE, ADIABATIC CONDITIONS, ASTRONOMICAL MODELS, CONVECTIVE HEAT TRANSFER, GRAVITATIONAL COLLAPSE, LUMINOSITY, NATURAL SATELLITES, NEBULAE, PROTOPLANETS, THERMAL DIFFUSION},
	Month = aug,
	Pages = {755-764},
	Title = {{Formation of the giant planets}},
	Volume = 30,
	Year = 1982,
	Bdsk-Url-1 = {http://dx.doi.org/10.1016/0032-0633(82)90108-8}}

@book{thompson06,
	Adsnote = {Provided by the SAO/NASA Astrophysics Data System},
	Adsurl = {http://adsabs.harvard.edu/abs/2006iafd.book.....T},
	Author = {{Thompson}, M.~J.},
	Booktitle = {''An introduction to astrophysical fluid dynamics by Michael J.~Thompson.~Published: London : Imperial College Press, c2006.~xi, 227 p.~: ill.~; 23 cm.~Includes bibliographical references (p.~217-221) and index.~ISBN :},
	Title = {{An introduction to astrophysical fluid dynamics}},
	Year = 2006}

@article{thompson1989aneos,
	Author = {Thompson, Samuel L},
	Date-Added = {2013-03-22 02:07:04 +0000},
	Date-Modified = {2013-03-22 02:07:04 +0000},
	Journal = {Sandia National Laboratories},
	Title = {ANEOS analytic equations of state for shock physics codes},
	Volume = {SAND89-2951},
	Year = {1989}}

@article{wuchterl93,
	Adsnote = {Provided by the SAO/NASA Astrophysics Data System},
	Adsurl = {http://adsabs.harvard.edu/abs/1993Icar..106..323W},
	Author = {{Wuchterl}, G.},
	Doi = {10.1006/icar.1993.1174},
	Journal = {Icarus},
	Keywords = {PROTOPLANETS, PLANETARY MASS, ACCRETION DISKS, CONVECTION, STELLAR ENVELOPES, INTERPLANETARY DUST, INTERSTELLAR MATTER, BOUNDARY CONDITIONS, LUMINOUS INTENSITY},
	Month = nov,
	Pages = {323},
	Title = {{The critical mass for protoplanets revisited - Massive envelopes through convection}},
	Volume = 106,
	Year = 1993,
	Bdsk-Url-1 = {http://dx.doi.org/10.1006/icar.1993.1174}}

@article{ym10,
	Adsnote = {Provided by the SAO/NASA Astrophysics Data System},
	Adsurl = {http://adsabs.harvard.edu/abs/2010ApJ...721.1113Y},
	Archiveprefix = {arXiv},
	Author = {{Youdin}, A.~N. and {Mitchell}, J.~L.},
	Date-Added = {2013-06-28 23:52:04 +0000},
	Date-Modified = {2013-06-28 23:52:04 +0000},
	Doi = {10.1088/0004-637X/721/2/1113},
	Eprint = {1008.0645},
	Journal = {\apj},
	Keywords = {diffusion, opacity, planet-star interactions, planets and satellites: atmospheres, radiative transfer, turbulence},
	Month = oct,
	Pages = {1113-1126},
	Primaryclass = {astro-ph.EP},
	Title = {{The Mechanical Greenhouse: Burial of Heat by Turbulence in Hot Jupiter Atmospheres}},
	Volume = 721,
	Year = 2010,
	Bdsk-Url-1 = {http://dx.doi.org/10.1088/0004-637X/721/2/1113}}

@article{zhu13,
	Adsnote = {Provided by the SAO/NASA Astrophysics Data System},
	Adsurl = {http://adsabs.harvard.edu/abs/2013ApJ...768..143Z},
	Archiveprefix = {arXiv},
	Author = {{Zhu}, Z. and {Stone}, J.~M. and {Rafikov}, R.~R.},
	Date-Added = {2013-06-27 18:01:35 +0000},
	Date-Modified = {2013-06-27 18:01:35 +0000},
	Doi = {10.1088/0004-637X/768/2/143},
	Eid = {143},
	Eprint = {1302.3239},
	Journal = {\apj},
	Keywords = {accretion, accretion disks, magnetohydrodynamics: MHD, planetary systems, planets and satellites: formation, protoplanetary disks, stars: formation, stars: pre-main sequence, turbulence},
	Month = may,
	Pages = {143},
	Primaryclass = {astro-ph.SR},
	Title = {{Low-mass Planets in Protoplanetary Disks with Net Vertical Magnetic Fields: The Planetary Wake and Gap Opening}},
	Volume = 768,
	Year = 2013,
	Bdsk-Url-1 = {http://dx.doi.org/10.1088/0004-637X/768/2/143}}

@article{menou04,
	Adsnote = {Provided by the SAO/NASA Astrophysics Data System},
	Adsurl = {http://adsabs.harvard.edu/abs/2004ApJ...606..520M},
	Author = {{Menou}, K. and {Goodman}, J.},
	Doi = {10.1086/382947},
	Eprint = {arXiv:astro-ph/0310169},
	Journal = {\apj},
	Keywords = {Accretion, Accretion Disks, Stars: Planetary Systems: Formation, Stars: Planetary Systems: Protoplanetary Disks, Waves},
	Month = may,
	Pages = {520-531},
	Title = {{Low-Mass Protoplanet Migration in T Tauri {$\alpha$}-Disks}},
	Volume = 606,
	Year = 2004,
	Bdsk-Url-1 = {http://dx.doi.org/10.1086/382947}}

@book{NR,
	Adsnote = {Provided by the SAO/NASA Astrophysics Data System},
	Adsurl = {http://adsabs.harvard.edu/abs/2002nrc..book.....P},
	Author = {{Press}, W.~H. and {Teukolsky}, S.~A. and {Vetterling}, W.~T. and {Flannery}, B.~P.},
	Booktitle = {Numerical recipes in C++ : the art of scientific computing by William H.~Press.~xxviii, 1,002 p.~: ill.~; 26 cm.~ Includes bibliographical references and index.~ISBN : 0521750334},
	Title = {{Numerical recipes in C++ : the art of scientific computing}},
	Year = 2002}

@article{dones93,
	Adsnote = {Provided by the SAO/NASA Astrophysics Data System},
	Adsurl = {http://adsabs.harvard.edu/abs/1993Icar..103...67D},
	Author = {{Dones}, L. and {Tremaine}, S.},
	Doi = {10.1006/icar.1993.1059},
	Journal = {Icarus},
	Keywords = {CIRCULAR ORBITS, PLANETARY EVOLUTION, PLANETARY ROTATION, PROTOPLANETS, SPIN DYNAMICS, ACCRETION DISKS, ANGULAR MOMENTUM, ROTATING DISKS, PLANETS, SPIN, ROTATION, ORIGIN, FORMATION, ACCRETION, ANGULAR MOMENTUM, THEORETICAL STUDIES, PARAMETERS, SIMULATION, NUMERICAL METHODS, SCALING, MASS, PLANETESIMALS, OBLIQUITY, ROTATION, DISK, VELOCITY, CALCULATIONS, IMPACT EFFECTS, GRAVITY EFFECTS, ORBITS, DISTRIBUTION, RADIUS, DEPLETION, TERRESTRIAL PLANETS, EQUATION OF MOTION},
	Month = may,
	Pages = {67-92},
	Title = {{On the origin of planetary spins}},
	Volume = 103,
	Year = 1993,
	Bdsk-Url-1 = {http://dx.doi.org/10.1006/icar.1993.1059}}

@article{kenyon09,
	Adsnote = {Provided by the SAO/NASA Astrophysics Data System},
	Adsurl = {http://adsabs.harvard.edu/abs/2009ApJ...690L.140K},
	Archiveprefix = {arXiv},
	Author = {{Kenyon}, S.~J. and {Bromley}, B.~C.},
	Doi = {10.1088/0004-637X/690/2/L140},
	Eprint = {0811.4665},
	Journal = {\apjl},
	Keywords = {planetary systems, planets and satellites: formation, solar system: formation},
	Month = jan,
	Pages = {L140-L143},
	Title = {{Rapid Formation of Icy Super-Earths and the Cores of Gas Giant Planets}},
	Volume = 690,
	Year = 2009,
	Bdsk-Url-1 = {http://dx.doi.org/10.1088/0004-637X/690/2/L140}}

@article{lambrechts12,
	Adsnote = {Provided by the SAO/NASA Astrophysics Data System},
	Adsurl = {http://adsabs.harvard.edu/abs/2012A%26A...544A..32L},
	Archiveprefix = {arXiv},
	Author = {{Lambrechts}, M. and {Johansen}, A.},
	Doi = {10.1051/0004-6361/201219127},
	Eid = {A32},
	Eprint = {1205.3030},
	Journal = {\aap},
	Keywords = {accretion, accretion disks, hydrodynamics, methods: numerical, planets and satellites: formation, protoplanetary disks},
	Month = aug,
	Pages = {A32},
	Primaryclass = {astro-ph.EP},
	Title = {{Rapid growth of gas-giant cores by pebble accretion}},
	Volume = 544,
	Year = 2012,
	Bdsk-Url-1 = {http://dx.doi.org/10.1051/0004-6361/201219127}}

@inbook{youdin13,
	Adsnote = {Provided by the SAO/NASA Astrophysics Data System},
	Adsurl = {http://adsabs.harvard.edu/abs/2013pss3.book....1Y},
	Author = {{Youdin}, A.~N. and {Kenyon}, S.~J.},
	Booktitle = {Planets, Stars and Stellar Systems.~Volume 3: Solar and Stellar Planetary Systems},
	Doi = {10.1007/978-94-007-5606-9_1},
	Editor = {{Oswalt}, T.~D. and {French}, L.~M. and {Kalas}, P.},
	Keywords = {Planet Formation, Protoplanetary Disks, Exoplanets},
	Pages = {1},
	Title = {{From Disks to Planets}},
	Year = 2013,
	Bdsk-Url-1 = {http://dx.doi.org/10.1007/978-94-007-5606-9_1}}

@article{marois08,
	Adsnote = {Provided by the SAO/NASA Astrophysics Data System},
	Adsurl = {http://adsabs.harvard.edu/abs/2008Sci...322.1348M},
	Archiveprefix = {arXiv},
	Author = {{Marois}, C. and {Macintosh}, B. and {Barman}, T. and {Zuckerman}, B. and {Song}, I. and {Patience}, J. and {Lafreni{\`e}re}, D. and {Doyon}, R.},
	Doi = {10.1126/science.1166585},
	Eprint = {0811.2606},
	Journal = {Science},
	Month = nov,
	Pages = {1348-},
	Title = {{Direct Imaging of Multiple Planets Orbiting the Star HR 8799}},
	Volume = 322,
	Year = 2008,
	Bdsk-Url-1 = {http://dx.doi.org/10.1126/science.1166585}}

@article{lagrange10,
	Adsnote = {Provided by the SAO/NASA Astrophysics Data System},
	Adsurl = {http://adsabs.harvard.edu/abs/2010Sci...329...57L},
	Archiveprefix = {arXiv},
	Author = {{Lagrange}, A.-M. and {Bonnefoy}, M. and {Chauvin}, G. and {Apai}, D. and {Ehrenreich}, D. and {Boccaletti}, A. and {Gratadour}, D. and {Rouan}, D. and {Mouillet}, D. and {Lacour}, S. and {Kasper}, M.},
	Doi = {10.1126/science.1187187},
	Eprint = {1006.3314},
	Journal = {Science},
	Month = jul,
	Pages = {57-},
	Primaryclass = {astro-ph.EP},
	Title = {{A Giant Planet Imaged in the Disk of the Young Star {$\beta$} Pictoris}},
	Volume = 329,
	Year = 2010,
	Bdsk-Url-1 = {http://dx.doi.org/10.1126/science.1187187}}

@article{kalas08,
	Adsnote = {Provided by the SAO/NASA Astrophysics Data System},
	Adsurl = {http://adsabs.harvard.edu/abs/2008Sci...322.1345K},
	Archiveprefix = {arXiv},
	Author = {{Kalas}, P. and {Graham}, J.~R. and {Chiang}, E. and {Fitzgerald}, M.~P. and {Clampin}, M. and {Kite}, E.~S. and {Stapelfeldt}, K. and {Marois}, C. and {Krist}, J.},
	Doi = {10.1126/science.1166609},
	Eprint = {0811.1994},
	Journal = {Science},
	Month = nov,
	Pages = {1345-},
	Title = {{Optical Images of an Exosolar Planet 25 Light-Years from Earth}},
	Volume = 322,
	Year = 2008,
	Bdsk-Url-1 = {http://dx.doi.org/10.1126/science.1166609}}

@article{hillenbrand05,
	Adsnote = {Provided by the SAO/NASA Astrophysics Data System},
	Adsurl = {http://adsabs.harvard.edu/abs/2005astro.ph.11083H},
	Author = {{Hillenbrand}, L.~A.},
	Eprint = {arXiv:astro-ph/0511083},
	Journal = {ArXiv Astrophysics e-prints},
	Keywords = {Astrophysics},
	Month = nov,
	Title = {{Observational Constraints on Dust Disk Lifetimes: Implications for Planet Formation}},
	Year = 2005}

@article{bell13,
	Adsnote = {Provided by the SAO/NASA Astrophysics Data System},
	Adsurl = {http://adsabs.harvard.edu/abs/2013MNRAS.434..806B},
	Archiveprefix = {arXiv},
	Author = {{Bell}, C.~P.~M. and {Naylor}, T. and {Mayne}, N.~J. and {Jeffries}, R.~D. and {Littlefair}, S.~P.},
	Doi = {10.1093/mnras/stt1075},
	Eprint = {1306.3237},
	Journal = {\mnras},
	Keywords = {techniques: photometric, stars: evolution, stars: formation, stars: fundamental parameters, Hertzsprung-Russell and colour-magnitude diagrams, stars: pre-main-sequence},
	Month = sep,
	Pages = {806-831},
	Primaryclass = {astro-ph.SR},
	Title = {{Pre-main-sequence isochrones - II. Revising star and planet formation time-scales}},
	Volume = 434,
	Year = 2013,
	Bdsk-Url-1 = {http://dx.doi.org/10.1093/mnras/stt1075}}

@article{hori10,
	Adsnote = {Provided by the SAO/NASA Astrophysics Data System},
	Adsurl = {http://adsabs.harvard.edu/abs/2010ApJ...714.1343H},
	Archiveprefix = {arXiv},
	Author = {{Hori}, Y. and {Ikoma}, M.},
	Doi = {10.1088/0004-637X/714/2/1343},
	Eprint = {1003.4798},
	Journal = {\apj},
	Keywords = {accretion, accretion disks, planets and satellites: formation},
	Month = may,
	Pages = {1343-1346},
	Primaryclass = {astro-ph.EP},
	Title = {{Critical Core Masses for Gas Giant Formation with Grain-free Envelopes}},
	Volume = 714,
	Year = 2010,
	Bdsk-Url-1 = {http://dx.doi.org/10.1088/0004-637X/714/2/1343}}

@article{ormel10,
	Adsnote = {Provided by the SAO/NASA Astrophysics Data System},
	Adsurl = {http://adsabs.harvard.edu/abs/2010A%26A...520A..43O},
	Archiveprefix = {arXiv},
	Author = {{Ormel}, C.~W. and {Klahr}, H.~H.},
	Doi = {10.1051/0004-6361/201014903},
	Eid = {A43},
	Eprint = {1007.0916},
	Journal = {\aap},
	Keywords = {planets and satellites: formation, protoplanetary disks, minor planets, asteroids: general},
	Month = sep,
	Pages = {A43},
	Primaryclass = {astro-ph.EP},
	Title = {{The effect of gas drag on the growth of protoplanets. Analytical expressions for the accretion of small bodies in laminar disks}},
	Volume = 520,
	Year = 2010,
	Bdsk-Url-1 = {http://dx.doi.org/10.1051/0004-6361/201014903}}

@article{ida13,
	Adsnote = {Provided by the SAO/NASA Astrophysics Data System},
	Adsurl = {http://adsabs.harvard.edu/abs/2013ApJ...775...42I},
	Archiveprefix = {arXiv},
	Author = {{Ida}, S. and {Lin}, D.~N.~C. and {Nagasawa}, M.},
	Doi = {10.1088/0004-637X/775/1/42},
	Eid = {42},
	Eprint = {1307.6450},
	Journal = {\apj},
	Keywords = {planets and satellites: formation, planet-disk interactions, protoplanetary disks, stars: statistics},
	Month = sep,
	Pages = {42},
	Primaryclass = {astro-ph.EP},
	Title = {{Toward a Deterministic Model of Planetary Formation. VII. Eccentricity Distribution of Gas Giants}},
	Volume = 775,
	Year = 2013,
	Bdsk-Url-1 = {http://dx.doi.org/10.1088/0004-637X/775/1/42}}
